@software{photutils,
  author       = {Larry Bradley and
                  Brigitta Sip{\H o}cz and
                  Thomas Robitaille and
                  Erik Tollerud and
                  Z\`e Vin{\'{\i}}cius and
                  Christoph Deil and
                  Kyle Barbary and
                  Tom J Wilson and
                  Ivo Busko and
                  Axel Donath and
                  Hans Moritz G{\"u}nther and
                  Mihai Cara and
                  P. L. Lim and
                  Sebastian Me{\ss}linger and
                  Zach Burnett and
                  Simon Conseil and
                  Michael Droettboom and
                  Azalee Bostroem and
                  E. M. Bray and
                  Lars Andersen Bratholm and
                  William Jamieson and
                  Adam Ginsburg and
                  Geert Barentsen and
                  Matt Craig and
                  Sergio Pascual and
                  Shivangee Rathi and
                  Marshall Perrin and
                  Brett M. Morris and
                  Gabriel Perren},
  title        = {astropy/photutils: 1.13.0},
  month        = jun,
  year         = 2024,
  publisher    = {Zenodo},
  version      = {1.13.0},
  doi          = {10.5281/zenodo.12585239},
  url          = {https://doi.org/10.5281/zenodo.12585239}
}

@ARTICLE{sfftjwst,
       author = {{Hu}, Lei and {Wang}, Lifan},
        title = "{Differencing and Coadding JWST Images with Matched Point-spread Function}",
      journal = {The Astronomical Journal},
     keywords = {Astronomy software, Transient detection, 1855, 1957, Astrophysics - Instrumentation and Methods for Astrophysics, Astrophysics - High Energy Astrophysical Phenomena},
         year = 2024,
        month = may,
       volume = {167},
       number = {5},
          eid = {231},
        pages = {231},
          doi = {10.3847/1538-3881/ad36cb},
archivePrefix = {arXiv},
       eprint = {2309.09143},
 primaryClass = {astro-ph.IM},
       adsurl = {https://ui.adsabs.harvard.edu/abs/2024AJ....167..231H},
      adsnote = {Provided by the SAO/NASA Astrophysics Data System}
}

@ARTICLE{sfft,
       author = {{Hu}, Lei and {Wang}, Lifan and {Chen}, Xingzhuo and {Yang}, Jiawen},
        title = "{Image Subtraction in Fourier Space}",
      journal = {The Astrophysical Journal},
     keywords = {Astronomy software, Transient detection, 1855, 1957, Astrophysics - Instrumentation and Methods for Astrophysics, Astrophysics - High Energy Astrophysical Phenomena},
         year = 2022,
        month = sep,
       volume = {936},
       number = {2},
          eid = {157},
        pages = {157},
          doi = {10.3847/1538-4357/ac7394},
archivePrefix = {arXiv},
       eprint = {2109.09334},
 primaryClass = {astro-ph.IM},
       adsurl = {https://ui.adsabs.harvard.edu/abs/2022ApJ...936..157H},
      adsnote = {Provided by the SAO/NASA Astrophysics Data System}
}

@ARTICLE{sourceextractor,
       author = {{Bertin}, E. and {Arnouts}, S.},
        title = "{SExtractor: Software for source extraction.}",
      journal = {Astronomy and Astrophysics Supplement},
     keywords = {METHODS: DATA ANALYSIS, TECHNIQUES: IMAGE PROCESSING, GALAXIES: PHOTOMETRY},
         year = 1996,
        month = jun,
       volume = {117},
        pages = {393-404},
          doi = {10.1051/aas:1996164},
       adsurl = {https://ui.adsabs.harvard.edu/abs/1996A&AS..117..393B},
      adsnote = {Provided by the SAO/NASA Astrophysics Data System}
}

@ARTICLE{galsim,
       author = {{Rowe}, B.~T.~P. and {Jarvis}, M. and {Mandelbaum}, R. and {Bernstein}, G.~M. and {Bosch}, J. and {Simet}, M. and {Meyers}, J.~E. and {Kacprzak}, T. and {Nakajima}, R. and {Zuntz}, J. and {Miyatake}, H. and {Dietrich}, J.~P. and {Armstrong}, R. and {Melchior}, P. and {Gill}, M.~S.~S.},
        title = "{GALSIM: The modular galaxy image simulation toolkit}",
      journal = {Astronomy and Computing},
     keywords = {Methods: data analysis, Techniques: image processing, Gravitational lensing, Cosmology: observations, Astrophysics - Instrumentation and Methods for Astrophysics, Astrophysics - Cosmology and Nongalactic Astrophysics, 85-04},
         year = 2015,
        month = apr,
       volume = {10},
        pages = {121-150},
          doi = {10.1016/j.ascom.2015.02.002},
archivePrefix = {arXiv},
       eprint = {1407.7676},
 primaryClass = {astro-ph.IM},
       adsurl = {https://ui.adsabs.harvard.edu/abs/2015A&C....10..121R},
      adsnote = {Provided by the SAO/NASA Astrophysics Data System}
}

@ARTICLE{openuniverse,
       author = {{OpenUniverse} and {The LSST Dark Energy Science Collaboration} and {The Roman HLIS Project Infrastructure Team} and {The Roman RAPID Project Infrastructure Team} and {The Roman Supernova Cosmology Project Infrastructure Team} and {Alarcon}, A. and {Aldoroty}, L. and {Beltz-Mohrmann}, G. and {Bera}, A. and {Blazek}, J. and {Bogart}, J. and {Braeunlich}, G. and {Broughton}, A. and {Cao}, K. and {Chiang}, J. and {Chisari}, N.~E. and {Desai}, V. and {Fang}, Y. and {Galbany}, L. and {Hearin}, A. and {Heitmann}, K. and {Hirata}, C. and {Hounsell}, R. and {Jain}, B. and {Jarvis}, M. and {Jencson}, J. and {Kannawadi}, A. and {Kasliwal}, M.~K. and {Kessler}, R. and {Kiessling}, A. and {Knop}, R. and {Kovacs}, E. and {Laher}, R. and {Laliotis}, K. and {Lin}, C. and {Lopes}, I. and {Mahabal}, A. and {Mandelbaum}, R. and {Masiero}, J. and {Mau}, S. and {Meehan}, C. and {Meyers}, J. and {Moraes}, B. and {Paladini}, R. and {Pearl}, A. and {Plazas Malagon}, A. and {Rose}, B. and {Rubin}, D. and {Rusholme}, B. and {Santos}, A. and {{\v{S}}ar{\v{c}}evi{\'c}}, N. and {Scolnic}, D. and {Troxel}, M.~A. and {Van Alfen}, N. and {Van Dyke}, S. and {Walter}, C.~W. and {Wu}, T. and {Yamamoto}, M. and {Yan}, Y. and {Zhang}, T.},
        title = "{OpenUniverse2024: A shared, simulated view of the sky for the next generation of cosmological surveys}",
      journal = {arXiv e-prints},
     keywords = {Astrophysics - Cosmology and Nongalactic Astrophysics},
         year = 2025,
        month = jan,
          eid = {arXiv:2501.05632},
        pages = {arXiv:2501.05632},
          doi = {10.48550/arXiv.2501.05632},
archivePrefix = {arXiv},
       eprint = {2501.05632},
 primaryClass = {astro-ph.CO},
       adsurl = {https://ui.adsabs.harvard.edu/abs/2025arXiv250105632O},
      adsnote = {Provided by the SAO/NASA Astrophysics Data System}
}

@ARTICLE{asdf,
       author = {{Greenfield}, P. and {Droettboom}, M. and {Bray}, E.},
        title = "{ASDF: A new data format for astronomy}",
      journal = {Astronomy and Computing},
     keywords = {FITS, File formats, Standards, World coordinate system},
         year = 2015,
        month = sep,
       volume = {12},
        pages = {240-251},
          doi = {10.1016/j.ascom.2015.06.004},
       adsurl = {https://ui.adsabs.harvard.edu/abs/2015A&C....12..240G},
      adsnote = {Provided by the SAO/NASA Astrophysics Data System}
}

@ARTICLE{aldoroty2025,
       author = {{Aldoroty}, Lauren and {Scolnic}, Daniel and {Kannawadi}, Arun and {Knop}, Rob and {Rose}, Benjamin and {Hounsell}, Rebekah and {Troxel}, Michael},
        title = "{Initial Characterization of Stellar Photometry of Roman images from the OpenUniverse Simulations}",
      journal = {arXiv e-prints},
     keywords = {Instrumentation and Methods for Astrophysics, Cosmology and Nongalactic Astrophysics},
         year = 2025,
        month = jun,
          eid = {arXiv:2506.04332},
        pages = {arXiv:2506.04332},
          doi = {10.48550/arXiv.2506.04332},
archivePrefix = {arXiv},
       eprint = {2506.04332},
 primaryClass = {astro-ph.IM},
       adsurl = {https://ui.adsabs.harvard.edu/abs/2025arXiv250604332A},
      adsnote = {Provided by the SAO/NASA Astrophysics Data System}
}

@article{cuda,
author = {Nickolls, John and Buck, Ian and Garland, Michael and Skadron, Kevin},
title = {Scalable Parallel Programming with CUDA: Is CUDA the parallel programming model that application developers have been waiting for?},
year = {2008},
issue_date = {March/April 2008},
publisher = {Association for Computing Machinery},
address = {New York, NY, USA},
volume = {6},
number = {2},
issn = {1542-7730},
url = {https://doi.org/10.1145/1365490.1365500},
doi = {10.1145/1365490.1365500},
abstract = {The advent of multicore CPUs and manycore GPUs means that mainstream processor chips are now parallel systems. Furthermore, their parallelism continues to scale with Moore’s law. The challenge is to develop mainstream application software that transparently scales its parallelism to leverage the increasing number of processor cores, much as 3D graphics applications transparently scale their parallelism to manycore GPUs with widely varying numbers of cores.},
journal = {Queue},
month = mar,
pages = {40–53},
numpages = {14}
}

@software{hotpants,
       author = {{Becker}, Andrew},
        title = "{HOTPANTS: High Order Transform of PSF ANd Template Subtraction}",
 howpublished = {Astrophysics Source Code Library, record ascl:1504.004},
         year = 2015,
        month = apr,
          eid = {ascl:1504.004},
       adsurl = {https://ui.adsabs.harvard.edu/abs/2015ascl.soft04004B},
      adsnote = {Provided by the SAO/NASA Astrophysics Data System}
}

@ARTICLE{kessler2015,
       author = {{Kessler}, R. and {Marriner}, J. and {Childress}, M. and {Covarrubias}, R. and {D'Andrea}, C.~B. and {Finley}, D.~A. and {Fischer}, J. and {Foley}, R.~J. and {Goldstein}, D. and {Gupta}, R.~R. and {Kuehn}, K. and {Marcha}, M. and {Nichol}, R.~C. and {Papadopoulos}, A. and {Sako}, M. and {Scolnic}, D. and {Smith}, M. and {Sullivan}, M. and {Wester}, W. and {Yuan}, F. and {Abbott}, T. and {Abdalla}, F.~B. and {Allam}, S. and {Benoit-L{\'e}vy}, A. and {Bernstein}, G.~M. and {Bertin}, E. and {Brooks}, D. and {Carnero Rosell}, A. and {Carrasco Kind}, M. and {Castander}, F.~J. and {Crocce}, M. and {da Costa}, L.~N. and {Desai}, S. and {Diehl}, H.~T. and {Eifler}, T.~F. and {Fausti Neto}, A. and {Flaugher}, B. and {Frieman}, J. and {Gerdes}, D.~W. and {Gruen}, D. and {Gruendl}, R.~A. and {Honscheid}, K. and {James}, D.~J. and {Kuropatkin}, N. and {Li}, T.~S. and {Maia}, M.~A.~G. and {Marshall}, J.~L. and {Martini}, P. and {Miller}, C.~J. and {Miquel}, R. and {Nord}, B. and {Ogando}, R. and {Plazas}, A.~A. and {Reil}, K. and {Romer}, A.~K. and {Roodman}, A. and {Sanchez}, E. and {Sevilla-Noarbe}, I. and {Smith}, R.~C. and {Soares-Santos}, M. and {Sobreira}, F. and {Tarle}, G. and {Thaler}, J. and {Thomas}, R.~C. and {Tucker}, D. and {Walker}, A.~R. and {DES Collaboration}},
        title = "{The Difference Imaging Pipeline for the Transient Search in the Dark Energy Survey}",
      journal = {\aj},
     keywords = {supernovae: general, techniques: image processing, Astrophysics - Instrumentation and Methods for Astrophysics},
         year = 2015,
        month = dec,
       volume = {150},
       number = {6},
          eid = {172},
        pages = {172},
          doi = {10.1088/0004-6256/150/6/172},
archivePrefix = {arXiv},
       eprint = {1507.05137},
 primaryClass = {astro-ph.IM},
       adsurl = {https://ui.adsabs.harvard.edu/abs/2015AJ....150..172K},
      adsnote = {Provided by the SAO/NASA Astrophysics Data System}
}

@ARTICLE{rotacreport,
       author = {{Observations Time Allocation Committee}, Roman and {Community Survey Definition Committees}, Core},
        title = "{Roman Observations Time Allocation Committee: Final Report and Recommendations}",
      journal = {arXiv e-prints},
     keywords = {Instrumentation and Methods for Astrophysics, Cosmology and Nongalactic Astrophysics, Earth and Planetary Astrophysics, Astrophysics of Galaxies, High Energy Astrophysical Phenomena, Solar and Stellar Astrophysics},
         year = 2025,
        month = may,
          eid = {arXiv:2505.10574},
        pages = {arXiv:2505.10574},
          doi = {10.48550/arXiv.2505.10574},
archivePrefix = {arXiv},
       eprint = {2505.10574},
 primaryClass = {astro-ph.IM},
       adsurl = {https://ui.adsabs.harvard.edu/abs/2025arXiv250510574O},
      adsnote = {Provided by the SAO/NASA Astrophysics Data System}
}